@article{aalo2005bit,
  title={Bit-error rate of binary digital modulation schemes in generalized gamma fading channels},
  author={Aalo, Valentine A and Piboongungon, Terawat and Iskander, C-D},
  journal={IEEE Communications Letters},
  volume={9},
  number={2},
  pages={139--141},
  year={2005},
  publisher={IEEE}
}


@book{abramowitz,
   title		= {Handbook of Mathematical Functions},
   author	= {Milton Abramowitz and Irene A. Stegun},
   address	= {Washington, D.C.},
   publisher	= {NBS},
   year		= {1972},
   edition	= {10},
}

@article{achcar1992,
   title	= {A Bayesian approach for accelerated life tests considering the Weibull distribution},
   author	= {J.A. Achcar and F. Louzada-Neto},
   journal	= {Computational Statistics Quarterly},
   volume	= {7},
   year		= {1992},
   pages	= {355-368}
}

@article{ahsanullah2013kernel,
  title={Kernel inference on the generalized gamma distribution based on generalized order statistics},
  author={Ahsanullah, M and Maswadah, M and Ali, M Seham},
  journal={Journal of Statistical Theory and Applications},
  volume={12},
  number={2},
  pages={152--172},
  year={2013},
  publisher={Atlantis Press}
}

@article{aarset1987identify,
  title={How to identify a bathtub hazard rate.},
  author={Aarset, Magne Vollan},
  journal={IEEE Transactions on Reliability},
  volume={36},
  number={1},
  pages={106--108},
  year={1987}
}

@book{barlow,
   title	= {Total Time on Test Processes and Applications to Failure Data Analysis},
   author	= {Richard E. Barlow and Rafael A. Campo},
   journal	= {SIAM},
   address	= {Pennsylvania},
   year		= {1975},
   pages	= {}
}

@article{balakrishnan2006generalized,
  title={Generalized gamma frailty model},
  author={Balakrishnan, N and Peng, Yingwei},
  journal={Statistics in medicine},
  volume={25},
  number={16},
  pages={2797--2816},
  year={2006},
  publisher={Wiley Online Library}
}

@article{bakouch2012extended,
  title={An extended Lindley distribution},
  author={Bakouch, Hassan S and Al-Zahrani, Bander M and Al-Shomrani, Ali A and Marchi, Vitor AA and Louzada, Francisco},
  journal={Journal of the Korean Statistical Society},
  volume={41},
  number={1},
  pages={75--85},
  year={2012},
  publisher={Elsevier}
}

@article{barreto2009generalization,
  title={A generalization of the exponential-Poisson distribution},
  author={Barreto-Souza, Wagner and Cribari-Neto, Francisco},
  journal={Statistics \& Probability Letters},
  volume={79},
  number={24},
  pages={2493--2500},
  year={2009},
  publisher={Elsevier}
}

@article{barreto2013new,
  title={A new lifetime model with decreasing failure rate},
  author={Barreto-Souza, Wagner and Bakouch, Hassan S},
  journal={Statistics},
  volume={47},
  number={2},
  pages={465--476},
  year={2013},
  publisher={Taylor \& Francis}
}

@article{louzada2022reliability,
  title={Reliability assessment of repairable systems with series--parallel structure subjected to hierarchical competing risks under minimal repair regime},
  author={Louzada, Francisco and Tomazella, Vera LD and Junior, Oilson A Gonzatto and Bochio, Gustavo and Milani, Eder A and Ferreira, Paulo H and Ramos, Pedro L},
  journal={Reliability Engineering \& System Safety},
  volume={222},
  pages={108364},
  year={2022},
  publisher={Elsevier}
}

@article{de2021objective,
  title={Objective Bayesian inference for the capability index of the Gamma distribution},
  author={de Almeida, Marcello Henrique and Ramos, Pedro Luiz and Rao, Gadde Srinivasa and Moala, Fernando Antonio},
  journal={Quality and Reliability Engineering International},
  volume={37},
  number={5},
  pages={2235--2247},
  year={2021},
  publisher={Wiley Online Library}
}

@article{ramos2022objective,
  title={Objective Bayesian inference for the capability index of the Weibull distribution and its generalization},
  author={Ramos, Pedro L and Almeida, Marcello H and Louzada, Francisco and Flores, Edilson and Moala, Fernando A},
  journal={Computers \& Industrial Engineering},
  volume={167},
  pages={108012},
  year={2022},
  publisher={Elsevier}
}

@article{bernardo1979a,
  title={Reference posterior distributions for Bayesian inference},
  author={Bernardo, Jose M},
  journal={Journal of the Royal Statistical Society. Series B (Methodological)},
  pages={113--147},
  year={1979},
  publisher={JSTOR}
}

@article{bernardo2005,
  title={Reference analysis},
  author={Bernardo, Jos{\'e} M},
  journal={Handbook of statistics},
  volume={25},
  pages={17--90},
  year={2005},
  publisher={Elsevier}
}

@article{berger1989estimating,
  title={Estimating a product of means: Bayesian analysis with reference priors},
  author={Berger, James O and Bernardo, Jos{\'e} M},
  journal={Journal of the American Statistical Association},
  volume={84},
  number={405},
  pages={200--207},
  year={1989},
  publisher={Taylor \& Francis}
}

@article{berger1992ordered,
  title={Ordered group reference priors with application to the multinomial problem},
  author={Berger, James O and Bernardo, Jos{\'e} M},
  journal={Biometrika},
  volume={79},
  number={1},
  pages={25--37},
  year={1992},
  publisher={Biometrika Trust}
}

@incollection{berger1992reference,
  title={Reference priors in a variance components problem},
  author={Berger, James O and Bernardo, Jos{\'e} M},
  booktitle={Bayesian Analysis in Statistics and Econometrics},
  pages={177--194},
  year={1992},
  publisher={Springer}
}


@article{berger1992development,
  title={On the development of reference priors},
  author={Berger, James O and Bernardo, Jos{\'e} M and others},
  journal={Bayesian statistics},
  volume={4},
  number={4},
  pages={35--60},
  year={1992}
}
@article{berger2015,
  title={Overall objective priors},
  author={Berger, James O and Bernardo, Jose M and Sun, Dongchu and others},
  journal={Bayesian Analysis},
  volume={10},
  number={1},
  pages={189--221},
  year={2015},
  publisher={International Society for Bayesian Analysis}
}

@article{bryson1969some,
  title={Some criteria for aging},
  author={Bryson, Maurice C and Siddiqui, MM},
  journal={Journal of the American Statistical Association},
  volume={64},
  number={328},
  pages={1472--1483},
  year={1969},
  publisher={Taylor \& Francis}
}

@book{box2011bayesian,
  title={Bayesian inference in statistical analysis},
  author={Box, George EP and Tiao, George C},
  volume={40},
  year={ 1973},
  publisher={John Wiley \& Sons}
}

@book{casella2002statistical,
  title={Statistical inference},
  author={Casella, George and Berger, Roger L},
  volume={2},
  year={2002},
  publisher={Duxbury Pacific Grove, CA}
}

@inproceedings{carcole2009statistics,
  title={Statistics of the fluctuations of the amplitude of coda waves of local earthquakes},
  author={Carcole, Eduard and Sato, Haruo},
  booktitle={Seismological Society of Japan, 2009 Fall Meeting, C31-13, Kyoto, Japan},
  year={2009}
}

@article{chang2011non,
  title={Non-informative priors in the generalized gamma stress--strength systems},
  author={Chang, In Hong and Kim, Byung Hwee},
  journal={IIE Transactions},
  volume={43},
  number={11},
  pages={797--804},
  year={2011},
  publisher={Taylor \& Francis}
}



@article{cheng2001maximum,
  title={Maximum-likelihood based estimation of the Nakagami m parameter},
  author={Cheng, Julian and Beaulieu, Norman C},
  journal={IEEE Communications letters},
  volume={5},
  number={3},
  pages={101--103},
  year={2001}
}

@article{cheng1995non,
  title={Non-regular maximum likelihood problems},
  author={Cheng, RCH and Traylor, L},
  journal={Journal of the Royal Statistical Society. Series B (Methodological)},
  pages={3--44},
  year={1995},
  publisher={JSTOR}
}

@article{cheng2002generalized,
  title={Generalized moment estimators for the Nakagami fading parameter},
  author={Cheng, Julian and Beaulieu, Norman C},
  journal={IEEE communications letters},
  volume={6},
  number={4},
  pages={144--146},
  year={2002},
  publisher={Institute of Electrical and Electronics Engineers}
}

@article{cheng1979maximum,
  title={Maximum product of spacings estimation with application to the lognormal distribution},
  author={Cheng, RCH and Amin, NAK},
  journal={Math. Report},
  pages={79--1},
  year={1979}
}

@article{cheng1983estimating,
  title={Estimating parameters in continuous univariate distributions with a shifted origin},
  author={Cheng, RCH and Amin, NAK},
  journal={Journal of the Royal Statistical Society. Series B (Methodological)},
  pages={394--403},
  year={1983},
  publisher={JSTOR}
}
@article{cox1987parameter,
  title={Parameter orthogonality and approximate conditional inference},
  author={Cox, David Roxbee and Reid, Nancy},
  journal={Journal of the Royal Statistical Society. Series B (Methodological)},
  pages={1--39},
  year={1987},
  publisher={JSTOR}
}


@book{cox1979theoretical,
  title={Theoretical statistics},
  author={Cox, David Roxbee and Hinkley, David Victor},
  year={1979},
  publisher={CRC Press}
}

@article{cox1968general,
  title={A general definition of residuals},
  author={Cox, David R and Snell, E Joyce},
  journal={Journal of the Royal Statistical Society. Series B (Methodological)},
  pages={248--275},
  year={1968},
  publisher={JSTOR}
}

@article{dadpay2007information,
  title={Information measures for generalized gamma family},
  author={Dadpay, Ali and Soofi, Ehsan S and Soyer, Refik},
  journal={Journal of Econometrics},
  volume={138},
  number={2},
  pages={568--585},
  year={2007},
  publisher={Elsevier}
}

@article{diciccio1987approximate,
  title={Approximate inference for the generalized gamma distribution},
  author={DiCiccio, TJ},
  journal={Technometrics},
  volume={29},
  number={1},
  pages={33--40},
  year={1987},
  publisher={Taylor \& Francis Group}
}

@article{fonseca2008objective,
  title={Objective Bayesian analysis for the Student-t regression model},
  author={Fonseca, Tha{\'\i}s CO and Ferreira, Marco AR and Migon, Helio S},
  journal={Biometrika},
  volume={95},
  number={2},
  pages={325--333},
  year={2008},
  publisher={Oxford University Press}
}

@book{folland,
   title	= {Real analysis: modern techniques and their applications},
   author	= {Gerald B. Folland},
   address	= {New York},
   publisher	= {Wiley},
   year		= {1999},
   edition	= {2},
}

@article{fu2012objective,
  title={Objective Bayesian analysis of Pareto distribution under progressive Type-II censoring},
  author={Fu, Jiayu and Xu, Ancha and Tang, Yincai},
  journal={Statistics \& Probability Letters},
  volume={82},
  number={10},
  pages={1829--1836},
  year={2012},
  publisher={Elsevier}
}

@inproceedings{gaeddert2004further,
  title={Further results on Nakagami-m parameter estimation},
  author={Gaeddert, Joseph and Annamalai, A},
  booktitle={Vehicular Technology Conference, 2004. VTC2004-Fall. 2004 IEEE 60th},
  volume={6},
  pages={4255--4259},
  year={2004},
  organization={IEEE}
}

@book{gamerman2006markov,
  title={Markov chain Monte Carlo: stochastic simulation for Bayesian inference},
  author={Gamerman, Dani and Lopes, Hedibert F},
  year={2006},
  publisher={CRC Press}
}

@article{glaser1980bathtub,
  title={Bathtub and related failure rate characterizations},
  author={Glaser, Ronald E},
  journal={Journal of the American Statistical Association},
  volume={75},
  number={371},
  pages={667--672},
  year={1980},
  publisher={Taylor \& Francis Group}
}

@book{geweke1991evaluating,
  title={Evaluating the accuracy of sampling-based approaches to the calculation of posterior moments},
  author={Geweke, John and others},
  volume={196},
  year={1991},
  publisher={Federal Reserve Bank of Minneapolis, Research Department Minneapolis, MN, USA}
}

@article{gutierrez1992expected,
  title={Expected logarithmic divergence for exponential families},
  author={Guti{\'e}rrez-Pe{\~n}a, E},
  journal={Bayesian statistics},
  volume={4},
  pages={669--674},
  year={1992}
}

@article{ghitany2008lindley,
  title={Lindley distribution and its application},
  author={Ghitany, ME and Atieh, B and Nadarajah, S},
  journal={Mathematics and computers in simulation},
  volume={78},
  number={4},
  pages={493--506},
  year={2008},
  publisher={Elsevier}
}

@article{ghitany2011two,
  title={A two-parameter weighted Lindley distribution and its applications to survival data},
  author={Ghitany, ME and Alqallaf, F and Al-Mutairi, DK and Husain, HA},
  journal={Mathematics and Computers in Simulation},
  volume={81},
  number={6},
  pages={1190--1201},
  year={2011},
  publisher={Elsevier}
}

@article{ghitany2013power,
  title={Power Lindley distribution and associated inference},
  author={Ghitany, ME and Al-Mutairi, DK and Balakrishnan, N and Al-Enezi, LJ},
  journal={Computational Statistics \& Data Analysis},
  volume={64},
  pages={20--33},
  year={2013},
  publisher={Elsevier}
}

@book{o2006uncertain,
  title={Uncertain judgements: eliciting experts' probabilities},
  author={O'Hagan, Anthony and Buck, Caitlin E and Daneshkhah, Alireza and Eiser, J Richard and Garthwaite, Paul H and Jenkinson, David J and Oakley, Jeremy E and Rakow, Tim},
  year={2006},
  publisher={John Wiley \& Sons}
}

@article{giesbrecht1976maximum,
  title={Maximum likelihood estimation in the three-parameter lognormal distribution},
  author={Giesbrecht, F and Kempthorne, O},
  journal={Journal of the Royal Statistical Society. Series B (Methodological)},
  pages={257--264},
  year={1976},
  publisher={JSTOR}
}

@article{harter1965maximum,
  title={Maximum-likelihood estimation of the parameters of gamma and Weibull populations from complete and from censored samples},
  author={Harter, H Leon and Moore, Albert H},
  journal={Technometrics},
  volume={7},
  number={4},
  pages={639--643},
  year={1965},
  publisher={Taylor \& Francis}
}

@article{hager1970inferential,
  title={Inferential procedures for the generalized gamma distribution},
  author={Hager, Harold W and Bain, Lee J},
  journal={Journal of the American Statistical Association},
  volume={65},
  number={332},
  pages={1601--1609},
  year={1970},
  publisher={Taylor \& Francis}
}

@article{huang2006new,
  title={On new moment estimation of parameters of the generalized gamma distribution using it's characterization},
  author={Huang, Ping-Huang and Hwang, Tea-Yuan},
  journal={Taiwanese journal of Mathematics},
  volume={10},
  number={4},
  pages={pp--1083},
  year={2006}
}

@article{h1995mean,
  title={Mean residual life function for certain types of non-monotonic ageing},
  author={H. Olcay, Akman},
  journal={Communications in statistics. Stochastic models},
  volume={11},
  number={1},
  pages={219--225},
  year={1995},
  publisher={Taylor \& Francis}
}

@book{jeffreys1998theory,
  title={Theory of Probability},
  author={Jeffreys, Harold},
  year={1939},
  publisher={OUP Oxford}
}

@article{kang2014noninformative,
  title={Noninformative priors for the generalized half-normal distribution},
  author={Kang, Sang Gil and Lee, Keunbaik and Lee, Woo Dong},
  journal={Journal of the Korean Statistical Society},
  volume={43},
  number={1},
  pages={19--29},
  year={2014},
  publisher={Elsevier}
}

@article{kass1996selection,
  title={The selection of prior distributions by formal rules},
  author={Kass, Robert E and Wasserman, Larry},
  journal={Journal of the American Statistical Association},
  volume={91},
  number={435},
  pages={1343--1370},
  year={1996},
  publisher={Taylor \& Francis Group}
}

@article{kim2014non,
  title={Non-informative priors for the inverse Weibull distribution},
  author={Kim, Dal Ho and Lee, Woo Dong and Kang, Sang Gil},
  journal={Journal of Statistical Computation and Simulation},
  volume={84},
  number={5},
  pages={1039--1054},
  year={2014},
  publisher={Taylor \& Francis}
}

@article{kim2009statistical,
  title={Statistical traffic modeling of MPEG frame size: Experiments and Analysis},
  author={Kim, Kyungwoo and Latchman, Haniph A},
  journal={Statistical Methods in Radio Wave Propagation},
  volume={29},
  number={3},
  pages={456--465},
  year={2009}
}

@article{khodabin2010some,
  title={Some properties of generalized gamma distribution},
  author={Khodabin, Morteza and Ahmadabadi, Alireza},
  journal={Mathematical Sciences},
  volume={4},
  number={1},
  pages={9--28},
  year={2010}
}

@book{lawless2011statistical,
  title={Statistical models and methods for lifetime data},
  author={Lawless, Jerald F},
  volume={362},
  year={2011},
  publisher={John Wiley \& Sons}
}

@article{li2011empirical,
  title={On the empirical-statistical modeling of SAR images with generalized gamma distribution},
  author={Li, Heng-Chao and Hong, Wen and Wu, Yi-Rong and Fan, Ping-Zhi},
  journal={IEEE Journal of selected topics in signal processing},
  volume={5},
  number={3},
  pages={386--397},
  year={2011},
  publisher={IEEE}
}

@article{lorenz1905methods,
  title={Methods of measuring the concentration of wealth},
  author={Lorenz, Max O},
  journal={Publications of the American statistical association},
  volume={9},
  number={70},
  pages={209--219},
  year={1905},
  publisher={Taylor \& Francis}
}

@article{louzada2016different,
  title={Different estimation procedures for the parameters of the extended exponential geometric distribution for medical data},
  author={Louzada, Francisco and Ramos, Pedro L and Perdon{\'a}, Gleici SC},
  journal={Computational and mathematical methods in medicine},
  volume={2016},
  year={2016},
  publisher={Hindawi Publishing Corporation}
}

@article{maswadah2013bayesian,
  title={Bayesian Inference on the Generalized Gamma Distribution Based on Generalized Order Statistics},
  author={Maswadah, M and Seham, Ali M and Ahsanullah, M},
  journal={Journal of Statistical Theory and Applications},
  volume={12},
  number={4},
  pages={356--377},
  year={2013},
  publisher={Atlantis Press}
}

@article{marani1986statistical,
  title={Statistical study of air pollutant concentrations via generalized gamma distributions},
  author={Marani, A and Lavagnini, I and Buttazzoni, C},
  journal={Journal of the Air Pollution Control Association},
  volume={36},
  number={11},
  pages={1250--1254},
  year={1986},
  publisher={Taylor \& Francis}
}

@book{meeker2014statistical,
  title={Statistical methods for reliability data},
  author={Meeker, William Q and Escobar, Luis A},
  year={2014},
  publisher={John Wiley \& Sons}
}

@book{migon2014statistical,
  title={Statistical inference: an integrated approach},
  author={Migon, Helio S and Gamerman, Dani and Louzada, Francisco},
  year={2014},
  publisher={CRC press}
}


@article{moala2013bayesian,
  title={Bayesian Inference for Two-Parameter Gamma Distribution Assuming Different Noninformative Priors},
  author={Moala, Fernando Antonio and Ramos, Pedro Luiz and Achcar, Jorge Alberto},
  journal={Revista Colombiana de Estad{\'\i}stica},
  volume={36},
  number={2},
  pages={321--338},
  year={2013}
}

@article{mukherjee2010bayesian,
  title={A Bayesian study for the comparison of generalized gamma model with its components},
  author={Mukherjee, Bhaswati and Gupta, Ashutosh and Upadhyay, SK},
  journal={Sankhya B},
  volume={72},
  number={2},
  pages={154--174},
  year={2010},
  publisher={Springer}
}

@article{mudholkar1995exponentiated,
  title={The exponentiated Weibull family: a reanalysis of the bus-motor-failure data},
  author={Mudholkar, Govind S and Srivastava, Deo Kumar and Freimer, Marshall},
  journal={Technometrics},
  volume={37},
  number={4},
  pages={436--445},
  year={1995},
  publisher={Taylor \& Francis}
}

@article{mudholkar1996generalization,
  title={A generalization of the Weibull distribution with application to the analysis of survival data},
  author={Mudholkar, Govind S and Srivastava, Deo Kumar and Kollia, Georgia D},
  journal={Journal of the American Statistical Association},
  volume={91},
  number={436},
  pages={1575--1583},
  year={1996},
  publisher={Taylor \& Francis Group}
}



@article{nakagami1960,
  title={The m-distribution a general formulation of intensity distribution of rapid fading},
  author={Nakagami, N},
  journal={Statistical Methods in Radio Wave Propagation: Proceedings of a Symposium },
  pages={3-36},
  year={1960},
  publisher={ Pergamon Press}
}


@article{nakahara2010maximum,
  title={Maximum-likelihood method for estimating coda Q and the Nakagami-m parameter},
  author={Nakahara, Hisashi and Carcol{\'e}, Eduard},
  journal={Bulletin of the Seismological Society of America},
  volume={100},
  number={6},
  pages={3174--3182},
  year={2010},
  publisher={Seismological Society of America}
}


@article{northrop2016,
  title={Posterior propriety in Bayesian extreme value analyses using reference priors},
  author={Northrop, PJ and Attalides, N},
  journal={Statistica Sinica},
  volume={26},
  number={2},
  year={2016},
  publisher={Academia Sinica, Institute of Statistical Science}
}


@article{perdona2011general,
  title={A general hazard model for lifetime data in the presence of cure rate},
  author={Perdon{\'a}, Gleici Castro and Louzada-Neto, Francisco},
  journal={Journal of Applied Statistics},
  volume={38},
  number={7},
  pages={1395--1405},
  year={2011},
  publisher={Taylor \& Francis}
}

@inproceedings{popescu2013signal,
  title={Signal segmentation in time-frequency plane using Renyi entropy-Application in seismic signal processing},
  author={Popescu, Theodor D and Aiordachioaie, Dorel},
  booktitle={2013 Conference on Control and Fault-Tolerant Systems (SysTol)},
  pages={312--317},
  year={2013},
  organization={IEEE}
}

@article{prentice1974log,
  title={A log gamma model and its maximum likelihood estimation},
  author={Prentice, Ross L},
  journal={Biometrika},
  volume={61},
  number={3},
  pages={539--544},
  year={1974},
  publisher={Biometrika Trust}
}

@article{raju2002statistics,
  title={Statistics of envelope of high-frequency ultrasonic backscatter from human skin in vivo},
  author={Raju, Balasundar I and Srinivasan, Mandayam A},
  journal={IEEE transactions on ultrasonics, ferroelectrics, and frequency control},
  volume={49},
  number={7},
  pages={871--882},
  year={2002},
  publisher={IEEE}
}

@article{ramos2014objective,
  title={Objective Priors for Estimation of Extended Exponential Geometric Distribution},
  author={Ramos, Pedro L and Moala, Fernando A and Achcar, Jorge A},
  journal={Journal of Modern Applied Statistical Methods},
  volume={13},
  number={2},
  pages={12},
  year={2014}
}

@article{ramos2016generalized,
  title={The generalized weighted Lindley distribution: Properties, estimation, and applications},
  author={Ramos, PL and Louzada, F},
  journal={Cogent Mathematics},
  volume={3},
  number={1},
  pages={1256022},
  year={2016},
  publisher={Taylor \& Francis}
}

@article{ramos2016efficient,
  title={An Efficient, Closed-Form MAP Estimator for Nakagami-m Fading Parameter},
  author={Ramos, Pedro Luiz and Louzada, Francisco and Ramos, Eduardo},
  journal={IEEE Communications Letters},
  volume={20},
  number={11},
  pages={2328--2331},
  year={2016},
  publisher={IEEE}
}


@article{ramos2017bayesian,
  title={Bayesian analysis of the generalized gamma distribution using non-informative priors},
  author={Ramos, Pedro L and Achcar, Jorge A and Moala, Fernando A and Ramos, Eduardo and Louzada, Francisco},
  journal={Statistics},
   volume={51},
  number={4},
  pages={824--843},
  year={2017},
  publisher={Taylor \& Francis}
}


@article{ramos2017bposterior,
  title={Posterior properties of the Nakagami-m distribution using non-informative priors and applications in reliability},
  author={Ramos, Pedro L and Louzada, Francisco  and Ramos, Eduardo},
  journal={IEEE Transactions on reliability},
   volume={99},
  number={0},
  pages={1--13},
  year={2018},
}

@article{ramos2017cposterior,
  title={On Posterior Properties of the Two Parameter Gamma Family of Distributions},
  author={Ramos, Pedro L and Dey, Dipak K and Louzada, Francisco  and Ramos, Eduardo},
  journal={Test},
   volume={To appear},
  year={2017}
}

@article{ranneby,
  title={The maximum spacing method. An estimation method related to the maximum likelihood method},
  author={Ranneby, Bo},
  journal={Scandinavian Journal of Statistics},
  pages={93--112},
  year={1984},
  publisher={JSTOR}
}

@article{rockette1974maximum,
  title={Maximum likelihood estimation with the Weibull model},
  author={Rockette, Howard and Antle, Charles and Klimko, Lawrence A},
  journal={Journal of the American Statistical Association},
  volume={69},
  number={345},
  pages={246--249},
  year={1974},
  publisher={Taylor \& Francis Group}
}

@inproceedings{renyi1961measures,
  title={On measures of entropy and information},
  author={Renyi, ALFRPED},
  booktitle={Fourth Berkeley symposium on mathematical statistics and probability},
  volume={1},
  pages={547--561},
  year={1961}
}

@article{sinha2003bayesian,
  title={Bayesian inference for survival data with a surviving fraction},
  author={Sinha, Debajyoti and Chen, Ming-Hui and Ibrahim, Joseph G},
  journal={Lecture Notes-Monograph Series},
  pages={117--138},
  year={2003},
  publisher={JSTOR}
}

@article{sarkar2009adequacy,
  title={Adequacy of Nakagami-m distribution function to derive GIUH},
  author={Sarkar, S and Goel, NK and Mathur, BS},
  journal={Journal of Hydrologic Engineering},
  volume={14},
  number={10},
  pages={1070--1079},
  year={2009},
  publisher={American Society of Civil Engineers}
}

@article{sarkar2010performance,
  title={Performance investigation of Nakagami-m distribution to derive flood hydrograph by genetic algorithm optimization approach},
  author={Sarkar, S and Goel, NK and Mathur, BS},
  journal={Journal of Hydrologic Engineering},
  volume={15},
  number={8},
  pages={658--666},
  year={2010},
  publisher={American Society of Civil Engineers}
}

@article{shankar2001classification,
  title={Classification of ultrasonic B-mode images of breast masses using Nakagami distribution},
  author={Shankar, P Mohana and Dumane, VA and Reid, John M and Genis, Vladimir and Forsberg, Flemming and Piccoli, Catherine W and Goldberg, Barry B},
  journal={IEEE transactions on ultrasonics, ferroelectrics, and frequency control},
  volume={48},
  number={2},
  pages={569--580},
  year={2001},
  publisher={IEEE}
}

@article{shannon2001mathematical,
  title={A mathematical theory of communication},
  author={Shannon, Claude Elwood},
  journal={ACM SIGMOBILE Mobile Computing and Communications Review},
  volume={5},
  number={1},
  pages={3--55},
  year={2001},
  publisher={ACM}
}

@article{son2007bayesian,
  title={Bayesian estimation of the Nakagami-m fading parameter},
  author={Son, Young-Sook and Oh, Mi-Ra},
  journal={Communications for Statistical Applications and Methods},
  volume={14},
  number={2},
  pages={345--353},
  year={2007},
  publisher={The Korean Statistical Society}
}

@article{song2008globally,
  title={Globally convergent algorithms for estimating generalized gamma distributions in fast signal and image processing},
  author={Song, Kai-Sheng},
  journal={IEEE Transactions on Image Processing},
  volume={17},
  number={8},
  pages={1233--1250},
  year={2008},
  publisher={IEEE}
}

@article{stacy1962,
  title={A generalization of the gamma distribution},
  author={Stacy, Eo W},
  journal={The Annals of Mathematical Statistics},
  pages={1187--1192},
  year={1962},
  publisher={JSTOR}
}

@article{stacy1965parameter,
  title={Parameter estimation for a generalized gamma distribution},
  author={Stacy, E Webb and Mihram, G Arthur},
  journal={Technometrics},
  volume={7},
  number={3},
  pages={349--358},
  year={1965},
  publisher={Taylor \& Francis}
}


@article{tibshirani1989,
  title={Noninformative priors for one parameter of many},
  author={Tibshirani, Robert},
  journal={Biometrika},
  volume={76},
  number={3},
  pages={604--608},
  year={1989},
  publisher={Biometrika Trust}
}

@article{tsui2006use,
  title={Use of Nakagami distribution and logarithmic compression in ultrasonic tissue characterization},
  author={Tsui, P and Huang, C and Wang, S},
  journal={Journal of Medical and Biological Engineering},
  volume={26},
  number={2},
  pages={69},
  year={2006},
  publisher={WALTER H CHANG}
}


@article{schwarz1978estimating,
  title={Estimating the dimension of a model},
  author={Schwarz, Gideon and others},
  journal={The annals of statistics},
  volume={6},
  number={2},
  pages={461--464},
  year={1978},
  publisher={Institute of Mathematical Statistics}
}

@article{spiegelhalter2002bayesian,
  title={Bayesian measures of model complexity and fit},
  author={Spiegelhalter, David J and Best, Nicola G and Carlin, Bradley P and Van Der Linde, Angelika},
  journal={Journal of the Royal Statistical Society: Series B (Statistical Methodology)},
  volume={64},
  number={4},
  pages={583--639},
  year={2002},
  publisher={Wiley Online Library}
}

@article{tahai1999revealed,
  title={A revealed preference study of management journals' direct influences},
  author={Tahai, Alireza and Meyer, Michael J},
  journal={Strategic Management Journal},
  volume={20},
  number={3},
  pages={279--296},
  year={1999},
  publisher={JSTOR}
}

@article{tomazella2013bayesian,
  title={Bayesian reference analysis for the Poisson-exponential lifetime distribution},
  author={Tomazella, Vera LD and Cancho, Vicente G and Louzada, Francisco},
  journal={Chilean Journal of Statistics},
  volume={4},
  number={1},
  pages={99113},
  year={2013}
}


@article{upadhyay2001bayes,
  title={Bayes inference in life testing and reliability via Markov chain Monte Carlo simulation},
  author={Upadhyay, SK and Vasishta, N and Smith, AFM},
  journal={Sankhy{\=a}: The Indian Journal of Statistics, Series A (1961-2002)},
  volume={63},
  number={1},
  pages={15--40},
  year={2001},
  publisher={JSTOR}
}


@article{van2001bayes,
  title={Bayes estimates of flood quantiles using the generalised gamma distribution},
  author={Van Noortwijk, Jan M},
  journal={System and Bayesian Reliability},
  pages={351--374},
  year={2001}
}

@article{zakerzadeh2009generalized,
  title={Generalized Lindley Distribution},
  author={Zakerzadeh, Hojatollah and Dolati, Ali},
  journal={Journal of Mathematical Extension},
  year={2009}
}

@article{zhang2002note,
  title={A note on the estimation of Nakagami-m fading parameter},
  author={Zhang, QT},
  journal={IEEE communications letters},
  volume={6},
  number={6},
  pages={237--238},
  year={2002},
  publisher={IEEE}
}


@article{zellner1,
  title={Maximal Data Information Prior Distributions},
  author={Zellner, Arnold },
  journal={In New Methods in the applications of Bayesian Methods},
  year={1977},
  publisher={ North- Holland, Amsterdam.}
}

@article{zellner2,
  title={Maximal Data Information Prior Distributions},
  author={Zellner, Arnold },
  journal={Basic Issues in Econometrics},
  year={1984},
  publisher={U. of Chicago Press}
}

@article{wang2000new,
  title={A new model with bathtub-shaped failure rate using an additive Burr XII distribution},
  author={Wang, FK},
  journal={Reliability Engineering \& System Safety},
  volume={70},
  number={3},
  pages={305--312},
  year={2000},
  publisher={Elsevier}
}


@article{wang2012generalized,
  title={Generalized method of moments estimation of the Nakagami-m fading parameter},
  author={Wang, Ning and Song, Xuegui and Cheng, Julian},
  journal={IEEE Transactions on Wireless Communications},
  volume={11},
  number={9},
  pages={3316--3325},
  year={2012},
  publisher={IEEE}
}


@incollection{wong2006note,
  title={A note on the estimation of extreme value distributions using maximum product of spacings},
  author={Wong, TST and Li, WK and others},
  booktitle={Time Series and Related Topics},
  pages={272--283},
  year={2006},
  publisher={Institute of Mathematical Statistics}
}


@article{meng1993maximum,
  title={Maximum likelihood estimation via the ECM algorithm: A general framework},
  author={Meng, Xiao-Li and Rubin, Donald B},
  journal={Biometrika},
  volume={80},
  number={2},
  pages={267--278},
  year={1993},
  publisher={Oxford University Press}
}

@article{wilson1931distribution,
  title={The distribution of chi-square},
  author={Wilson, Edwin B and Hilferty, Margaret M},
  journal={Proceedings of the National Academy of Sciences},
  volume={17},
  number={12},
  pages={684--688},
  year={1931},
  publisher={National Acad Sciences}
}


@article{louazdaramose2018,
author = {Francisco Louzada and Pedro Luiz Ramos},
title = {Efficient closed-form maximum a posteriori estimators for the gamma distribution},
journal = {Journal of Statistical Computation and Simulation},
volume = {88},
number = {6},
pages = {1134-1146},
year  = {2018},
publisher = {Taylor & Francis}
}



@article{tomazella2021bayesian,
  title={Bayesian Reference Analysis for the Generalized Normal Linear Regression Model},
  author={Tomazella, Vera Lucia Damasceno and Jesus, Sandra R{\^e}go and Gazon, Amanda Buosi and Louzada, Francisco and Nadarajah, Saralees and Nascimento, Diego Carvalho and Rodrigues, Francisco Aparecido and Ramos, Pedro Luiz},
  journal={Symmetry},
  volume={13},
  number={5},
  pages={856},
  year={2021},
  publisher={Multidisciplinary Digital Publishing Institute}
}

@article{leisen2020class,
  title={On a Class of Objective Priors from Scoring Rules (with Discussion)},
  author={Leisen, Fabrizio and Villa, Cristiano and Walker, Stephen G and others},
  journal={Bayesian Analysis},
  volume={15},
  number={4},
  pages={1345--1423},
  year={2020},
  publisher={International Society for Bayesian Analysis}
}

@article{consonni2018prior,
  title={Prior distributions for objective Bayesian analysis},
  author={Consonni, Guido and Fouskakis, Dimitris and Liseo, Brunero and Ntzoufras, Ioannis and others},
  journal={Bayesian Analysis},
  volume={13},
  number={2},
  pages={627--679},
  year={2018},
  publisher={International Society for Bayesian Analysis}
}

@article{ramos2020bias,
  title={Bias reduction in the closed-form maximum likelihood estimator for the Nakagami-m Fading Parameter},
  author={Ramos, Pedro Luiz and Louzada, Francisco and Ramos, Eduardo},
  journal={IEEE Wireless Communications Letters},
  volume={9},
  number={10},
  pages={1692--1695},
  year={2020},
  publisher={IEEE}
}

@article{louzada2019note,
  title={A note on bias of closed-form estimators for the gamma distribution derived from likelihood equations},
  author={Louzada, Francisco and Ramos, Pedro L and Ramos, Eduardo},
  journal={The American Statistician},
  volume={73},
  number={2},
  pages={195--199},
  year={2019},
  publisher={Taylor \& Francis}
}




@article{ramos2021bayesian,
  title={Bayesian analysis of the inverse generalized gamma distribution using objective priors},
  author={Ramos, Pedro L and Mota, Alex L and Ferreira, Paulo H and Ramos, Eduardo and Tomazella, Vera LD and Louzada, Francisco},
  journal={Journal of Statistical Computation and Simulation},
  volume={91},
  number={4},
  pages={786--816},
  year={2021},
  publisher={Taylor \& Francis}
}

@article{dey2017exponentiated,
  title={Exponentiated Chen distribution: Properties and estimation},
  author={Dey, Sanku and Kumar, Devendra and Ramos, Pedro L and Louzada, Francisco},
  journal={Communications in Statistics-Simulation and Computation},
  volume={46},
  number={10},
  pages={8118--8139},
  year={2017},
  publisher={Taylor \& Francis}
}

@article{rodrigues2018poisson,
  title={Poisson--exponential distribution: different methods of estimation},
  author={Rodrigues, Giovani Carrara and Louzada, Francisco and Ramos, Pedro Luiz},
  journal={Journal of Applied Statistics},
  volume={45},
  number={1},
  pages={128--144},
  year={2018},
  publisher={Taylor \& Francis}
}

@article{louzada2020exponential,
  title={Exponential-Poisson distribution: estimation and applications to rainfall and aircraft data with zero occurrence},
  author={Louzada, Francisco and Luiz Ramos, Pedro and Henrique Ferreira, Paulo},
  journal={Communications in Statistics-Simulation and Computation},
  volume={49},
  number={4},
  pages={1024--1043},
  year={2020},
  publisher={Taylor \& Francis}
}

@article{ramos2020frechet,
  title={The Fr{\'e}chet distribution: Estimation and application-An overview},
  author={Ramos, Pedro L and Louzada, Francisco and Ramos, Eduardo and Dey, Sanku},
  journal={Journal of Statistics and Management Systems},
  volume={23},
  number={3},
  pages={549--578},
  year={2020},
  publisher={Taylor \& Francis}
}

@article{ramos2019modeling,
  title={Modeling traumatic brain injury lifetime data: Improved estimators for the Generalized Gamma distribution under small samples},
  author={Ramos, Pedro L and Nascimento, Diego C and Ferreira, Paulo H and Weber, Karina T and Santos, Taiza EG and Louzada, Francisco},
  journal={PLoS one},
  volume={14},
  number={8},
  pages={e0221332},
  year={2019},
  publisher={Public Library of Science San Francisco, CA USA}
}


@article{nascimento2021generalizing,
  title={Generalizing the normality: a novel towards different estimation methods for skewed information},
  author={Nascimento, Diego C and Ramos, Pedro Luiz and Elal-Olivero, David and Cortes-Araya, Milton and Louzada, Francisco},
  journal={Symmetry},
  volume={13},
  number={6},
  pages={1067},
  year={2021}
}


@article{almeida2020bayesian,
  title={Bayesian non-parametric frailty model for dependent competing risks in a repairable systems framework},
  author={Almeida, Marco Pollo and Paix{\~a}o, Rafael S and Ramos, Pedro L and Tomazella, Vera and Louzada, Francisco and Ehlers, Ricardo S},
  journal={Reliability Engineering \& System Safety},
  volume={204},
  pages={107145},
  year={2020},
  publisher={Elsevier}
}

@article{ramos2020posterior,
  title={Posterior properties of the Weibull distribution for censored data},
  author={Ramos, Eduardo and Ramos, Pedro L and Louzada, Francisco},
  journal={Statistics \& Probability Letters},
  volume={166},
  pages={108873},
  year={2020},
  publisher={Elsevier}
}

@article{ferreira2020objective,
  title={Objective Bayesian analysis for the Lomax distribution},
  author={Ferreira, Paulo H and Ramos, Eduardo and Ramos, Pedro L and Gonzales, Jhon FB and Tomazella, Vera LD and Ehlers, Ricardo S and Silva, Eveliny B and Louzada, Francisco},
  journal={Statistics \& Probability Letters},
  volume={159},
  pages={108677},
  year={2020},
  publisher={Elsevier}
}

@article{tomazella2020reference,
  title={Reference Bayesian analysis for the generalized lognormal distribution with application to survival data},
  author={Tomazella, Vera LD and de Jesus, Sandra R and Louzada, Francisco and Nadarajah, Saralees and Ramos, Pedro L},
  journal={Statistics and Its Interface},
  volume={13},
  number={1},
  pages={139--149},
  year={2020},
  publisher={International Press of Boston}
}

@article{ramos2018bayesian,
  title={Bayesian reference analysis for the generalized gamma distribution},
  author={Ramos, Pedro Luiz and Louzada, Francisco},
  journal={IEEE Communications Letters},
  volume={22},
  number={9},
  pages={1950--1953},
  year={2018},
  publisher={IEEE}
}

@article{ramos2017posterior,
  title={Posterior properties of the Nakagami-m distribution using noninformative priors and applications in reliability},
  author={Ramos, Pedro Luiz and Louzada, Francisco and Ramos, Eduardo},
  journal={IEEE Transactions on reliability},
  volume={67},
  number={1},
  pages={105--117},
  year={2017},
  publisher={IEEE}
}

@article{jiang2017parameter,
  title={Parameter inference for non-repairable multi-state system reliability models by multi-level observation sequences},
  author={Jiang, Tao and Liu, Yu},
  journal={Reliability Engineering \& System Safety},
  volume={166},
  pages={3--15},
  year={2017},
  publisher={Elsevier}
}

@article{louzada2020incorporation,
  title={Incorporation of frailties into a non-proportional hazard regression model and its diagnostics for reliability modeling of downhole safety valves},
  author={Louzada, Francisco and Cuminato, Jos{\'e} Alberto and Rodriguez, Oscar Mauricio Hernandez and Tomazella, Vera LD and Milani, Eder Angelo and Ferreira, Paulo Henrique and Ramos, Pedro Luiz and Bochio, Gustavo and Perissini, Ivan Carlos and Junior, Oilson Alberto Gonzatto and others},
  journal={IEEE Access},
  volume={8},
  pages={219757--219774},
  year={2020},
  publisher={IEEE}
}


@article{louzada2019repairable,
  title={A repairable system subjected to hierarchical competing risks: Modeling and applications},
  author={Louzada, Francisco and Cuminato, Jose A and Rodriguez, Oscar MH and Tomazella, Vera LD and Ferreira, Paulo H and Ramos, Pedro L and Niaki, Seyed RA and Gonzatto, Oilson A and Perissini, Ivan C and Alegr{\'\i}a, Luis FA and others},
  journal={IEEE Access},
  volume={7},
  pages={171707--171723},
  year={2019},
  publisher={IEEE}
}

@article{murphy2000profile,
  title={On profile likelihood},
  author={Murphy, Susan A and Van der Vaart, Aad W},
  journal={Journal of the American Statistical Association},
  volume={95},
  number={450},
  pages={449--465},
  year={2000},
  publisher={Taylor \& Francis Group}
}

@article{gourieroux1984pseudo,
  title={Pseudo maximum likelihood methods: Theory},
  author={Gourieroux, Christian and Monfort, Alain and Trognon, Alain},
  journal={Econometrica: journal of the Econometric Society},
  pages={681--700},
  year={1984},
  publisher={JSTOR}
}

@article{andersen1970asymptotic,
  title={Asymptotic properties of conditional maximum-likelihood estimators},
  author={Andersen, Erling Bernhard},
  journal={Journal of the Royal Statistical Society: Series B (Methodological)},
  volume={32},
  number={2},
  pages={283--301},
  year={1970},
  publisher={Wiley Online Library}
}

@article{firth1993bias,
  title={Bias reduction of maximum likelihood estimates},
  author={Firth, David},
  journal={Biometrika},
  volume={80},
  number={1},
  pages={27--38},
  year={1993},
  publisher={Oxford University Press}
}

@article{cox1975partial,
  title={Partial likelihood},
  author={Cox, David R},
  journal={Biometrika},
  volume={62},
  number={2},
  pages={269--276},
  year={1975},
  publisher={Oxford University Press}
}

@article{dempster1977maximum,
  title={Maximum likelihood from incomplete data via the EM algorithm},
  author={Dempster, Arthur P and Laird, Nan M and Rubin, Donald B},
  journal={Journal of the Royal Statistical Society: Series B (Methodological)},
  volume={39},
  number={1},
  pages={1--22},
  year={1977},
  publisher={Wiley Online Library}
}


@article{Martinez2016,
  title={A Brief Note on the Simulation of Survival Data with A Desired Percentage of Right-Censored Datas},
  author={Martinez, E and Achacar, J. and Oliveira Peres, M. and Queiroz , J},
  journal={Journal of Data Science},
  volume={14},
  number={4},
  pages={701-712},
  year={2006}
}